
  <record>
    <leader>01000aam  22002601a 4500</leader>
    <controlfield tag="001">YPZ7775</controlfield>
    <controlfield tag="003">YPZ</controlfield>
    <controlfield tag="005">200607241153010</controlfield>
    <controlfield tag="008">060724|###########||||||b||||||||||spa|d</controlfield>
    <datafield tag="020" ind1=" " ind2=" ">
      <subfield code="a">8477381348</subfield>
    </datafield>
    <datafield tag="040" ind1=" " ind2=" ">
      <subfield code="c">SIUNPA</subfield>
    </datafield>
    <datafield tag="041" ind1=" " ind2=" ">
      <subfield code="a">spa</subfield>
    </datafield>
    <datafield tag="044" ind1=" " ind2=" ">
      <subfield code="a">ES</subfield>
    </datafield>
    <datafield tag="080" ind1=" " ind2=" ">
      <subfield code="a">911.3:32 S211g</subfield>
    </datafield>
    <datafield tag="100" ind1=" " ind2=" ">
      <subfield code="a">Sánchez Joan-Eugeni.</subfield>
    </datafield>
    <datafield tag="245" ind1=" " ind2=" ">
      <subfield code="a">Geografía política</subfield>
    </datafield>
    <datafield tag="260" ind1=" " ind2=" ">
      <subfield code="a">Madrid</subfield>
      <subfield code="b"> : Síntesis</subfield>
      <subfield code="c"> , 1992</subfield>
    </datafield>
    <datafield tag="300" ind1=" " ind2=" ">
      <subfield code="a">224 p. : </subfield>
      <subfield code="b">il. ; </subfield>
    </datafield>
    <datafield tag="440" ind1=" " ind2=" ">
      <subfield code="a">Econobook. Crítica literaria</subfield>
      <subfield code="a">Biblioteca breve</subfield>
      <subfield code="a">Biblioteca breve</subfield>
      <subfield code="a">Historia de Europa / Siglo XXI</subfield>
      <subfield code="a">Historia de Europa / Siglo XXI</subfield>
      <subfield code="a">Colección espacios y sociedades. Serie general</subfield>
      <subfield code="v">no. 23</subfield>
    </datafield>
    <datafield tag="490" ind1=" " ind2=" ">
      <subfield code="a">Econobook. Crítica literaria</subfield>
      <subfield code="a">Biblioteca breve</subfield>
      <subfield code="a">Biblioteca breve</subfield>
      <subfield code="a">Historia de Europa / Siglo XXI</subfield>
      <subfield code="a">Historia de Europa / Siglo XXI</subfield>
      <subfield code="a">Colección espacios y sociedades. Serie general</subfield>
      <subfield code="v">no. 23</subfield>
    </datafield>
    <datafield tag="440" ind1=" " ind2=" ">
      <subfield code="v">no. 23</subfield>
    </datafield>
    <datafield tag="490" ind1=" " ind2=" ">
      <subfield code="v">no. 23</subfield>
    </datafield>
    <datafield tag="650" ind1=" " ind2=" ">
      <subfield code="a">GEOGRAFIA POLITICA</subfield>
    </datafield>
    <datafield tag="650" ind1=" " ind2=" ">
      <subfield code="a">ESPACIO GEOGRAFICO</subfield>
    </datafield>
    <datafield tag="650" ind1=" " ind2=" ">
      <subfield code="a">ESPACIO SOCIAL</subfield>
    </datafield>
    <datafield tag="650" ind1=" " ind2=" ">
      <subfield code="a">ESTADO</subfield>
    </datafield>
    <datafield tag="650" ind1=" " ind2=" ">
      <subfield code="a">ESPACIO POLITICO</subfield>
    </datafield>
    <datafield tag="942" ind1=" " ind2=" ">
      <subfield code="c">BK</subfield>
    </datafield>
    <datafield tag="952" ind1=" " ind2=" ">
      <subfield code="a">BIB_RECT</subfield>
      <subfield code="b">BIB_UARG</subfield>
      <subfield code="d">2006-08-28</subfield>
      <subfield code="y">BK</subfield>
      <subfield code="p">05-14714</subfield>
      <subfield code="i">05-14714</subfield>
      <subfield code="g"/>
      <subfield code="o">911.3:32 S211g</subfield>
      <subfield code="e">PIUARG 29/AO11</subfield>
      <subfield code="8">CG</subfield>
    </datafield>
  </record>