
  <record>
    <leader>01000aam  22002601a 4500</leader>
    <controlfield tag="001">YPZ8182</controlfield>
    <controlfield tag="003">YPZ</controlfield>
    <controlfield tag="005">200607241153020</controlfield>
    <controlfield tag="008">060724|###########||||||b||||||||||spa|d</controlfield>
    <datafield tag="020" ind1=" " ind2=" ">
      <subfield code="a">8471002310</subfield>
    </datafield>
    <datafield tag="040" ind1=" " ind2=" ">
      <subfield code="c">SIUNPA</subfield>
    </datafield>
    <datafield tag="044" ind1=" " ind2=" ">
      <subfield code="a">ES</subfield>
    </datafield>
    <datafield tag="080" ind1=" " ind2=" ">
      <subfield code="a">8958</subfield>
    </datafield>
    <datafield tag="100" ind1=" " ind2=" ">
      <subfield code="a">Fisher John R.</subfield>
    </datafield>
    <datafield tag="245" ind1=" " ind2=" ">
      <subfield code="a">Relaciones económicas entre España y América hasta la independencia</subfield>
    </datafield>
    <datafield tag="260" ind1=" " ind2=" ">
      <subfield code="a">Madrid</subfield>
      <subfield code="b"> : Mapfre</subfield>
      <subfield code="c"> , 1992</subfield>
    </datafield>
    <datafield tag="300" ind1=" " ind2=" ">
      <subfield code="a">280  p. : </subfield>
      <subfield code="b">il. ; </subfield>
    </datafield>
    <datafield tag="942" ind1=" " ind2=" ">
      <subfield code="c">BK</subfield>
    </datafield>
    <datafield tag="952" ind1=" " ind2=" ">
      <subfield code="a">BIB_RECT</subfield>
      <subfield code="b">BIB_UARG</subfield>
      <subfield code="d">2006-08-28</subfield>
      <subfield code="y">BK</subfield>
      <subfield code="p">05-08958</subfield>
      <subfield code="i">05-08958</subfield>
      <subfield code="g"/>
      <subfield code="o">8958</subfield>
      <subfield code="e">Fund.Mapfre Amér</subfield>
      <subfield code="8">CG</subfield>
    </datafield>
  </record>