
  <record>
    <leader>01000aam  22002601a 4500</leader>
    <controlfield tag="001">YPZ8389</controlfield>
    <controlfield tag="003">YPZ</controlfield>
    <controlfield tag="005">200607241153020</controlfield>
    <controlfield tag="008">060724|###########||||||b||||||||||spa|d</controlfield>
    <datafield tag="020" ind1=" " ind2=" ">
      <subfield code="a">9684229933</subfield>
    </datafield>
    <datafield tag="040" ind1=" " ind2=" ">
      <subfield code="c">SIUNPA</subfield>
    </datafield>
    <datafield tag="041" ind1=" " ind2=" ">
      <subfield code="a">spa</subfield>
    </datafield>
    <datafield tag="044" ind1=" " ind2=" ">
      <subfield code="a">MX</subfield>
    </datafield>
    <datafield tag="080" ind1=" " ind2=" ">
      <subfield code="a">519.8 H654i5</subfield>
    </datafield>
    <datafield tag="100" ind1=" " ind2=" ">
      <subfield code="a">Hillier Frederick S..</subfield>
    </datafield>
    <datafield tag="700" ind1=" " ind2=" ">
      <subfield code="a">Lieberman Gerald J..</subfield>
    </datafield>
    <datafield tag="245" ind1=" " ind2=" ">
      <subfield code="a">Introducción a la investigación de operaciones</subfield>
      <subfield code="c"> / traducción; González Osuna. Marcia ; revisión técnica; Cantú Delgado. José Humberto</subfield>
    </datafield>
    <datafield tag="250" ind1=" " ind2=" ">
      <subfield code="a">5a. ed. en inglés, 3a. ed. en español</subfield>
    </datafield>
    <datafield tag="260" ind1=" " ind2=" ">
      <subfield code="a">México, D.F.</subfield>
      <subfield code="b"> : McGraw-Hill</subfield>
      <subfield code="c"> , c1991</subfield>
    </datafield>
    <datafield tag="300" ind1=" " ind2=" ">
      <subfield code="a">xviii,955 p. : </subfield>
      <subfield code="b">il. ; </subfield>
    </datafield>
    <datafield tag="650" ind1=" " ind2=" ">
      <subfield code="a">INVESTIGACION OPERATIVA</subfield>
    </datafield>
    <datafield tag="942" ind1=" " ind2=" ">
      <subfield code="c">BK</subfield>
    </datafield>
    <datafield tag="952" ind1=" " ind2=" ">
      <subfield code="a">BIB_RECT</subfield>
      <subfield code="b">BIB_UARG</subfield>
      <subfield code="d">2006-08-28</subfield>
      <subfield code="y">BK</subfield>
      <subfield code="p">05-09255</subfield>
      <subfield code="i">05-09255</subfield>
      <subfield code="g"/>
      <subfield code="o">519.8 H654i5</subfield>
      <subfield code="e">SUB. NAC./94</subfield>
      <subfield code="8">CG</subfield>
    </datafield>
  </record>